% UAV motion model

@inproceedings{vilez2015trajectory,
  title={Trajectory generation and tracking using the AR. Drone 2.0 quadcopter UAV},
  author={V{\'{i}}lez, Pedro and Certad, Novel and Ruiz, Elvis},
  booktitle={2015 12th Latin American Robotics Symposium and 2015 3rd Brazilian Symposium on Robotics (LARS-SBR)},
  pages={73--78},
  year={2015},
  organization={IEEE}
}

% Collision avoidance

@inproceedings{skrjanc2007cooperative,
  title={Cooperative collision avoidance between multiple robots based on bezier curves},
  author={Skrjanc, Igor and Klancar, Gregor},
  booktitle={2007 29th International Conference on Information Technology Interfaces},
  pages={451--456},
  year={2007},
  organization={IEEE}
}

@article{klanvcar2010case,
  title={A case study of the collision-avoidance problem based on Bernstein--B{\'e}zier path tracking for multiple robots with known constraints},
  author={Klan{\v{c}}ar, Gregor and {\v{S}}krjanc, Igor},
  journal={Journal of Intelligent \& Robotic Systems},
  volume={60},
  number={2},
  pages={317--337},
  year={2010},
  publisher={Springer}
}
